@MANUAL {motor_datasheet,
    title   = "Dynamixel EX-106 User Manual",
    author  = "Robotis Co., Ltd.",
    address = "\url{http://www.hizook.com/files/users/3/EX-106_Robotis_Dynamixel_Servo_UserGuide.pdf}",
}



@MANUAL {arduino_mega,
    title   = "Arduino Mega board description",
    author  = "Arduino",
    address = "\url{https://www.arduino.cc/en/Main/ArduinoBoardMega2560}",
}

@MANUAL {arduino_lcd,
    title   = "LCD keypad shield description",
    author  = "DFRobot",
    address = "\url{http://www.dfrobot.com/wiki/index.php/LCD_KeyPad_Shield_For_Arduino_SKU:_DFR0009}",
}



@MANUAL {ic_rs485,
    title   = "SNx5176B Differential Bus Transceivers",
    author  = "Texas Instruments Inc.",
    address = "\url{http://www.ti.com/lit/ds/symlink/sn75176b.pdf}",
}


